
@article{matsuo2014,
	title = {Effects of a Low-Volume Aerobic-Type Interval Exercise on V{\textperiodcentered}O2max and Cardiac Mass},
	author = {Matsuo, Tomoaki and Saotome, Kousaku and Seino, Satoshi and Shimojo, Nobutake and Matsushita, Akira and Iemitsu, Motoyuki and Ohshima, Hiroshi and Tanaka, Kiyoji and Mukai, Chiaki},
	year = {2014},
	month = {01},
	date = {2014-01},
	journal = {Medicine & Science in Sports & Exercise},
	pages = {42},
	volume = {46},
	number = {1},
	doi = {10.1249/MSS.0b013e3182a38da8},
	url = {https://journals.lww.com/acsm-msse/fulltext/2014/01000/effects_of_a_low_volume_aerobic_type_interval.7.aspx},
	langid = {canadian}
}

@article{matsuo2014a,
	title = {Effects of a Low-Volume Aerobic-Type Interval Exercise on V{\textperiodcentered}O2max and Cardiac Mass},
	author = {Matsuo, Tomoaki and Saotome, Kousaku and Seino, Satoshi and Shimojo, Nobutake and Matsushita, Akira and Iemitsu, Motoyuki and Ohshima, Hiroshi and Tanaka, Kiyoji and Mukai, Chiaki},
	year = {2014},
	month = {01},
	date = {2014-01},
	journal = {Medicine & Science in Sports & Exercise},
	pages = {42},
	volume = {46},
	number = {1},
	doi = {10.1249/MSS.0b013e3182a38da8},
	url = {https://journals.lww.com/acsm-msse/fulltext/2014/01000/effects_of_a_low_volume_aerobic_type_interval.7.aspx},
	langid = {canadian}
}

@article{daussin2007,
	title = {Improvement of {\$}{\$}\dot{\textbraceleft}V{\textbraceright}\hbox{\textbraceleft}O{\textbraceright}{\_}{\textbraceleft}2 \max{\textbraceright},{\$}{\$}by cardiac output and oxygen extraction adaptation during intermittent versus continuous endurance training},
	author = {Daussin, {Frédéric N.} and Ponsot, Elodie and Dufour, {Stéphane P.} and Lonsdorfer-Wolf, Evelyne and Doutreleau, {Stéphane} and Geny, Bernard and Piquard, {François} and Richard, Ruddy},
	year = {2007},
	month = {10},
	date = {2007-10-01},
	journal = {European Journal of Applied Physiology},
	pages = {377--383},
	volume = {101},
	number = {3},
	doi = {10.1007/s00421-007-0499-3},
	url = {https://doi.org/10.1007/s00421-007-0499-3},
	langid = {en}
}

@article{astorino2013,
	title = {Magnitude and time course of changes in maximal oxygen uptake in response to distinct regimens of chronic interval training in sedentary women},
	author = {Astorino, Todd A. and Schubert, Matthew M. and Palumbo, Elyse and Stirling, Douglas and McMillan, David W. and Cooper, Christina and Godinez, Jackie and Martinez, Donovan and Gallant, Rachael},
	year = {2013},
	month = {09},
	date = {2013-09-01},
	journal = {European Journal of Applied Physiology},
	pages = {2361--2369},
	volume = {113},
	number = {9},
	doi = {10.1007/s00421-013-2672-1},
	url = {https://doi.org/10.1007/s00421-013-2672-1},
	langid = {en}
}

@article{helgerud2007,
	title = {Aerobic High-Intensity Intervals Improve V{\textperiodcentered}O2max More Than Moderate Training},
	author = {Helgerud, Jan and {Høydal}, Kjetill and Wang, Eivind and Karlsen, Trine and Berg, {Pålr} and Bjerkaas, Marius and Simonsen, Thomas and Helgesen, Cecilies and Hjorth, Ninal and Bach, Ragnhild and Hoff, Jan},
	year = {2007},
	month = {04},
	date = {2007-04},
	journal = {Medicine & Science in Sports & Exercise},
	pages = {665},
	volume = {39},
	number = {4},
	doi = {10.1249/mss.0b013e3180304570},
	url = {https://journals.lww.com/acsm-msse/fulltext/2007/04000/aerobic_high_intensity_intervals_improve_v_o2max.12.aspx},
	langid = {canadian}
}

@article{nybo2010,
	title = {High-Intensity Training versus Traditional Exercise Interventions for Promoting Health},
	author = {Nybo, Lars and Sundstrup, Emil and Jakobsen, Markus D. and Mohr, Magni and Hornstrup, Therese and Simonsen, Lene and {Bülow}, Jens and Randers, Morten B. and Nielsen, Jens J. and Aagaard, Per and Krustrup, Peter},
	year = {2010},
	month = {10},
	date = {2010-10},
	journal = {Medicine & Science in Sports & Exercise},
	pages = {1951},
	volume = {42},
	number = {10},
	doi = {10.1249/MSS.0b013e3181d99203},
	url = {https://journals.lww.com/acsm-msse/fulltext/2010/10000/high_intensity_training_versus_traditional.19.aspx},
	langid = {canadian}
}

@article{matsuo2014b,
	title = {Effects of a Low-Volume Aerobic-Type Interval Exercise on V{\textperiodcentered}O2max and Cardiac Mass},
	author = {Matsuo, Tomoaki and Saotome, Kousaku and Seino, Satoshi and Shimojo, Nobutake and Matsushita, Akira and Iemitsu, Motoyuki and Ohshima, Hiroshi and Tanaka, Kiyoji and Mukai, Chiaki},
	year = {2014},
	month = {01},
	date = {2014-01},
	journal = {Medicine & Science in Sports & Exercise},
	pages = {42},
	volume = {46},
	number = {1},
	doi = {10.1249/MSS.0b013e3182a38da8},
	url = {https://journals.lww.com/acsm-msse/fulltext/2014/01000/effects_of_a_low_volume_aerobic_type_interval.7.aspx},
	langid = {canadian}
}

@article{daussin2007a,
	title = {Improvement of {\$}{\$}\dot{\textbraceleft}V{\textbraceright}\hbox{\textbraceleft}O{\textbraceright}{\_}{\textbraceleft}2 \max{\textbraceright},{\$}{\$}by cardiac output and oxygen extraction adaptation during intermittent versus continuous endurance training},
	author = {Daussin, {Frédéric N.} and Ponsot, Elodie and Dufour, {Stéphane P.} and Lonsdorfer-Wolf, Evelyne and Doutreleau, {Stéphane} and Geny, Bernard and Piquard, {François} and Richard, Ruddy},
	year = {2007},
	month = {10},
	date = {2007-10-01},
	journal = {European Journal of Applied Physiology},
	pages = {377--383},
	volume = {101},
	number = {3},
	doi = {10.1007/s00421-007-0499-3},
	url = {https://doi.org/10.1007/s00421-007-0499-3},
	langid = {en}
}

@article{astorino2013a,
	title = {Magnitude and time course of changes in maximal oxygen uptake in response to distinct regimens of chronic interval training in sedentary women},
	author = {Astorino, Todd A. and Schubert, Matthew M. and Palumbo, Elyse and Stirling, Douglas and McMillan, David W. and Cooper, Christina and Godinez, Jackie and Martinez, Donovan and Gallant, Rachael},
	year = {2013},
	month = {09},
	date = {2013-09-01},
	journal = {European Journal of Applied Physiology},
	pages = {2361--2369},
	volume = {113},
	number = {9},
	doi = {10.1007/s00421-013-2672-1},
	url = {https://doi.org/10.1007/s00421-013-2672-1},
	langid = {en}
}

@article{nybo2010a,
	title = {High-Intensity Training versus Traditional Exercise Interventions for Promoting Health},
	author = {Nybo, Lars and Sundstrup, Emil and Jakobsen, Markus D. and Mohr, Magni and Hornstrup, Therese and Simonsen, Lene and {Bülow}, Jens and Randers, Morten B. and Nielsen, Jens J. and Aagaard, Per and Krustrup, Peter},
	year = {2010},
	month = {10},
	date = {2010-10},
	journal = {Medicine & Science in Sports & Exercise},
	pages = {1951},
	volume = {42},
	number = {10},
	doi = {10.1249/MSS.0b013e3181d99203},
	url = {https://journals.lww.com/acsm-msse/fulltext/2010/10000/high_intensity_training_versus_traditional.19.aspx},
	langid = {canadian}
}

@article{helgerud2007a,
	title = {Aerobic High-Intensity Intervals Improve V{\textperiodcentered}O2max More Than Moderate Training},
	author = {Helgerud, Jan and {Høydal}, Kjetill and Wang, Eivind and Karlsen, Trine and Berg, {Pålr} and Bjerkaas, Marius and Simonsen, Thomas and Helgesen, Cecilies and Hjorth, Ninal and Bach, Ragnhild and Hoff, Jan},
	year = {2007},
	month = {04},
	date = {2007-04},
	journal = {Medicine & Science in Sports & Exercise},
	pages = {665},
	volume = {39},
	number = {4},
	doi = {10.1249/mss.0b013e3180304570},
	url = {https://journals.lww.com/acsm-msse/fulltext/2007/04000/aerobic_high_intensity_intervals_improve_v_o2max.12.aspx},
	langid = {canadian}
}

@article{matsuo2014c,
	title = {Effects of a Low-Volume Aerobic-Type Interval Exercise on V{\textperiodcentered}O2max and Cardiac Mass},
	author = {Matsuo, Tomoaki and Saotome, Kousaku and Seino, Satoshi and Shimojo, Nobutake and Matsushita, Akira and Iemitsu, Motoyuki and Ohshima, Hiroshi and Tanaka, Kiyoji and Mukai, Chiaki},
	year = {2014},
	month = {01},
	date = {2014-01},
	journal = {Medicine & Science in Sports & Exercise},
	pages = {42},
	volume = {46},
	number = {1},
	doi = {10.1249/MSS.0b013e3182a38da8},
	url = {https://journals.lww.com/acsm-msse/fulltext/2014/01000/effects_of_a_low_volume_aerobic_type_interval.7.aspx},
	langid = {canadian}
}

@article{matsuo2014d,
	title = {Effects of a Low-Volume Aerobic-Type Interval Exercise on V{\textperiodcentered}O2max and Cardiac Mass},
	author = {Matsuo, Tomoaki and Saotome, Kousaku and Seino, Satoshi and Shimojo, Nobutake and Matsushita, Akira and Iemitsu, Motoyuki and Ohshima, Hiroshi and Tanaka, Kiyoji and Mukai, Chiaki},
	year = {2014},
	month = {01},
	date = {2014-01},
	journal = {Medicine & Science in Sports & Exercise},
	pages = {42},
	volume = {46},
	number = {1},
	doi = {10.1249/MSS.0b013e3182a38da8},
	url = {https://journals.lww.com/acsm-msse/fulltext/2014/01000/effects_of_a_low_volume_aerobic_type_interval.7.aspx},
	langid = {canadian}
}

@book{designin2013,
	title = {Designing clinical research},
	editor = {Hulley, Stephen B.},
	year = {2013},
	date = {2013},
	publisher = {Wolters Kluwer/Lippincott Williams & Wilkins},
	edition = {4th ed},
	address = {Philadelphia},
	langid = {en}
}

@article{daussin2007b,
	title = {Improvement of {\$}{\$}\dot{\textbraceleft}V{\textbraceright}\hbox{\textbraceleft}O{\textbraceright}{\_}{\textbraceleft}2 \max{\textbraceright},{\$}{\$}by cardiac output and oxygen extraction adaptation during intermittent versus continuous endurance training},
	author = {Daussin, {Frédéric N.} and Ponsot, Elodie and Dufour, {Stéphane P.} and Lonsdorfer-Wolf, Evelyne and Doutreleau, {Stéphane} and Geny, Bernard and Piquard, {François} and Richard, Ruddy},
	year = {2007},
	month = {10},
	date = {2007-10-01},
	journal = {European Journal of Applied Physiology},
	pages = {377--383},
	volume = {101},
	number = {3},
	doi = {10.1007/s00421-007-0499-3},
	url = {https://doi.org/10.1007/s00421-007-0499-3},
	langid = {en}
}

@article{daussin2007c,
	title = {Improvement of {\$}{\$}\dot{\textbraceleft}V{\textbraceright}\hbox{\textbraceleft}O{\textbraceright}{\_}{\textbraceleft}2 \max{\textbraceright},{\$}{\$}by cardiac output and oxygen extraction adaptation during intermittent versus continuous endurance training},
	author = {Daussin, {Frédéric N.} and Ponsot, Elodie and Dufour, {Stéphane P.} and Lonsdorfer-Wolf, Evelyne and Doutreleau, {Stéphane} and Geny, Bernard and Piquard, {François} and Richard, Ruddy},
	year = {2007},
	month = {10},
	date = {2007-10-01},
	journal = {European Journal of Applied Physiology},
	pages = {377--383},
	volume = {101},
	number = {3},
	doi = {10.1007/s00421-007-0499-3},
	url = {https://doi.org/10.1007/s00421-007-0499-3},
	langid = {en}
}

@article{matsuo2014e,
	title = {Effects of a Low-Volume Aerobic-Type Interval Exercise on V{\textperiodcentered}O2max and Cardiac Mass},
	author = {Matsuo, Tomoaki and Saotome, Kousaku and Seino, Satoshi and Shimojo, Nobutake and Matsushita, Akira and Iemitsu, Motoyuki and Ohshima, Hiroshi and Tanaka, Kiyoji and Mukai, Chiaki},
	year = {2014},
	month = {01},
	date = {2014-01},
	journal = {Medicine & Science in Sports & Exercise},
	pages = {42},
	volume = {46},
	number = {1},
	doi = {10.1249/MSS.0b013e3182a38da8},
	url = {https://journals.lww.com/acsm-msse/fulltext/2014/01000/effects_of_a_low_volume_aerobic_type_interval.7.aspx},
	langid = {canadian}
}

@article{helgerud2007b,
	title = {Aerobic High-Intensity Intervals Improve V{\textperiodcentered}O2max More Than Moderate Training},
	author = {Helgerud, Jan and {Høydal}, Kjetill and Wang, Eivind and Karlsen, Trine and Berg, {Pålr} and Bjerkaas, Marius and Simonsen, Thomas and Helgesen, Cecilies and Hjorth, Ninal and Bach, Ragnhild and Hoff, Jan},
	year = {2007},
	month = {04},
	date = {2007-04},
	journal = {Medicine & Science in Sports & Exercise},
	pages = {665},
	volume = {39},
	number = {4},
	doi = {10.1249/mss.0b013e3180304570},
	url = {https://journals.lww.com/acsm-msse/fulltext/2007/04000/aerobic_high_intensity_intervals_improve_v_o2max.12.aspx},
	langid = {canadian}
}

@article{daussin2007d,
	title = {Improvement of {\$}{\$}\dot{\textbraceleft}V{\textbraceright}\hbox{\textbraceleft}O{\textbraceright}{\_}{\textbraceleft}2 \max{\textbraceright},{\$}{\$}by cardiac output and oxygen extraction adaptation during intermittent versus continuous endurance training},
	author = {Daussin, {Frédéric N.} and Ponsot, Elodie and Dufour, {Stéphane P.} and Lonsdorfer-Wolf, Evelyne and Doutreleau, {Stéphane} and Geny, Bernard and Piquard, {François} and Richard, Ruddy},
	year = {2007},
	month = {10},
	date = {2007-10-01},
	journal = {European Journal of Applied Physiology},
	pages = {377--383},
	volume = {101},
	number = {3},
	doi = {10.1007/s00421-007-0499-3},
	url = {https://doi.org/10.1007/s00421-007-0499-3},
	langid = {en}
}

@article{nybo2010b,
	title = {High-Intensity Training versus Traditional Exercise Interventions for Promoting Health},
	author = {Nybo, Lars and Sundstrup, Emil and Jakobsen, Markus D. and Mohr, Magni and Hornstrup, Therese and Simonsen, Lene and {Bülow}, Jens and Randers, Morten B. and Nielsen, Jens J. and Aagaard, Per and Krustrup, Peter},
	year = {2010},
	month = {10},
	date = {2010-10},
	journal = {Medicine & Science in Sports & Exercise},
	pages = {1951},
	volume = {42},
	number = {10},
	doi = {10.1249/MSS.0b013e3181d99203},
	url = {https://journals.lww.com/acsm-msse/fulltext/2010/10000/high_intensity_training_versus_traditional.19.aspx},
	langid = {canadian}
}

@article{matsuo2014f,
	title = {Effects of a Low-Volume Aerobic-Type Interval Exercise on V{\textperiodcentered}O2max and Cardiac Mass},
	author = {Matsuo, Tomoaki and Saotome, Kousaku and Seino, Satoshi and Shimojo, Nobutake and Matsushita, Akira and Iemitsu, Motoyuki and Ohshima, Hiroshi and Tanaka, Kiyoji and Mukai, Chiaki},
	year = {2014},
	month = {01},
	date = {2014-01},
	journal = {Medicine & Science in Sports & Exercise},
	pages = {42},
	volume = {46},
	number = {1},
	doi = {10.1249/MSS.0b013e3182a38da8},
	url = {https://journals.lww.com/acsm-msse/fulltext/2014/01000/effects_of_a_low_volume_aerobic_type_interval.7.aspx},
	langid = {canadian}
}

@article{helgerud2007c,
	title = {Aerobic High-Intensity Intervals Improve V{\textperiodcentered}O2max More Than Moderate Training},
	author = {Helgerud, Jan and {Høydal}, Kjetill and Wang, Eivind and Karlsen, Trine and Berg, {Pålr} and Bjerkaas, Marius and Simonsen, Thomas and Helgesen, Cecilies and Hjorth, Ninal and Bach, Ragnhild and Hoff, Jan},
	year = {2007},
	month = {04},
	date = {2007-04},
	journal = {Medicine & Science in Sports & Exercise},
	pages = {665},
	volume = {39},
	number = {4},
	doi = {10.1249/mss.0b013e3180304570},
	url = {https://journals.lww.com/acsm-msse/fulltext/2007/04000/aerobic_high_intensity_intervals_improve_v_o2max.12.aspx},
	langid = {canadian}
}

@article{astorino2013b,
	title = {Magnitude and time course of changes in maximal oxygen uptake in response to distinct regimens of chronic interval training in sedentary women},
	author = {Astorino, Todd A. and Schubert, Matthew M. and Palumbo, Elyse and Stirling, Douglas and McMillan, David W. and Cooper, Christina and Godinez, Jackie and Martinez, Donovan and Gallant, Rachael},
	year = {2013},
	month = {09},
	date = {2013-09-01},
	journal = {European Journal of Applied Physiology},
	pages = {2361--2369},
	volume = {113},
	number = {9},
	doi = {10.1007/s00421-013-2672-1},
	url = {https://doi.org/10.1007/s00421-013-2672-1},
	langid = {en}
}

@article{astorino2013c,
	title = {Magnitude and time course of changes in maximal oxygen uptake in response to distinct regimens of chronic interval training in sedentary women},
	author = {Astorino, Todd A. and Schubert, Matthew M. and Palumbo, Elyse and Stirling, Douglas and McMillan, David W. and Cooper, Christina and Godinez, Jackie and Martinez, Donovan and Gallant, Rachael},
	year = {2013},
	month = {09},
	date = {2013-09-01},
	journal = {European Journal of Applied Physiology},
	pages = {2361--2369},
	volume = {113},
	number = {9},
	doi = {10.1007/s00421-013-2672-1},
	url = {https://doi.org/10.1007/s00421-013-2672-1},
	langid = {en}
}

@article{astorino2013d,
	title = {Magnitude and time course of changes in maximal oxygen uptake in response to distinct regimens of chronic interval training in sedentary women},
	author = {Astorino, Todd A. and Schubert, Matthew M. and Palumbo, Elyse and Stirling, Douglas and McMillan, David W. and Cooper, Christina and Godinez, Jackie and Martinez, Donovan and Gallant, Rachael},
	year = {2013},
	month = {09},
	date = {2013-09-01},
	journal = {European Journal of Applied Physiology},
	pages = {2361--2369},
	volume = {113},
	number = {9},
	doi = {10.1007/s00421-013-2672-1},
	url = {https://doi.org/10.1007/s00421-013-2672-1},
	langid = {en}
}

@article{matsuo2014g,
	title = {Effects of a Low-Volume Aerobic-Type Interval Exercise on V{\textperiodcentered}O2max and Cardiac Mass},
	author = {Matsuo, Tomoaki and Saotome, Kousaku and Seino, Satoshi and Shimojo, Nobutake and Matsushita, Akira and Iemitsu, Motoyuki and Ohshima, Hiroshi and Tanaka, Kiyoji and Mukai, Chiaki},
	year = {2014},
	month = {01},
	date = {2014-01},
	journal = {Medicine & Science in Sports & Exercise},
	pages = {42},
	volume = {46},
	number = {1},
	doi = {10.1249/MSS.0b013e3182a38da8},
	url = {https://journals.lww.com/acsm-msse/fulltext/2014/01000/effects_of_a_low_volume_aerobic_type_interval.7.aspx},
	langid = {canadian}
}

@article{astorino2013e,
	title = {Magnitude and time course of changes in maximal oxygen uptake in response to distinct regimens of chronic interval training in sedentary women},
	author = {Astorino, Todd A. and Schubert, Matthew M. and Palumbo, Elyse and Stirling, Douglas and McMillan, David W. and Cooper, Christina and Godinez, Jackie and Martinez, Donovan and Gallant, Rachael},
	year = {2013},
	month = {09},
	date = {2013-09-01},
	journal = {European Journal of Applied Physiology},
	pages = {2361--2369},
	volume = {113},
	number = {9},
	doi = {10.1007/s00421-013-2672-1},
	url = {https://doi.org/10.1007/s00421-013-2672-1},
	langid = {en}
}

@article{matsuo2014h,
	title = {Effects of a Low-Volume Aerobic-Type Interval Exercise on V{\textperiodcentered}O2max and Cardiac Mass},
	author = {Matsuo, Tomoaki and Saotome, Kousaku and Seino, Satoshi and Shimojo, Nobutake and Matsushita, Akira and Iemitsu, Motoyuki and Ohshima, Hiroshi and Tanaka, Kiyoji and Mukai, Chiaki},
	year = {2014},
	month = {01},
	date = {2014-01},
	journal = {Medicine & Science in Sports & Exercise},
	pages = {42},
	volume = {46},
	number = {1},
	doi = {10.1249/MSS.0b013e3182a38da8},
	url = {https://journals.lww.com/acsm-msse/fulltext/2014/01000/effects_of_a_low_volume_aerobic_type_interval.7.aspx},
	langid = {canadian}
}
